<record><leader>00000cas a2200000 i 4500</leader><controlfield tag="001">899260838</controlfield><controlfield tag="006">m     o  d        </controlfield><controlfield tag="007">cr |||||||||||</controlfield><controlfield tag="008">150107d18811970vtuwr neo     0   a0eng  </controlfield><datafield ind1=" " ind2=" " tag="010"><subfield code="a">  2014218864</subfield></datafield><datafield ind1=" " ind2=" " tag="040"><subfield code="a">DLC</subfield><subfield code="b">eng</subfield><subfield code="e">rda</subfield><subfield code="c">DLC</subfield><subfield code="d">DLC</subfield></datafield><datafield ind1="0" ind2=" " tag="022"><subfield code="a">2376-8843</subfield><subfield code="2">1</subfield></datafield><datafield ind1="1" ind2=" " tag="029"><subfield code="a">NZ1</subfield><subfield code="b">15874259</subfield></datafield><datafield ind1=" " ind2=" " tag="042"><subfield code="a">pcc</subfield><subfield code="a">nsdp</subfield></datafield><datafield ind1=" " ind2=" " tag="043"><subfield code="a">n-us-vt</subfield></datafield><datafield ind1="1" ind2="0" tag="050"><subfield code="a">ISSN RECORD</subfield></datafield><datafield ind1="0" ind2="0" tag="082"><subfield code="a">071</subfield><subfield code="2">23</subfield></datafield><datafield ind1="0" ind2=" " tag="130"><subfield code="a">United opinion (Bradford, Vt.)</subfield></datafield><datafield ind1=" " ind2="4" tag="222"><subfield code="a">The united opinion</subfield><subfield code="b">(Bradford, Vt. Online)</subfield></datafield><datafield ind1="1" ind2="4" tag="245"><subfield code="a">The united opinion.</subfield></datafield><datafield ind1=" " ind2="1" tag="264"><subfield code="a">Bradford, Vermont :</subfield><subfield code="b">Harry E. Parker</subfield></datafield><datafield ind1=" " ind2=" " tag="300"><subfield code="a">1 online resource</subfield></datafield><datafield ind1=" " ind2=" " tag="310"><subfield code="a">Weekly</subfield></datafield><datafield ind1=" " ind2=" " tag="336"><subfield code="a">text</subfield><subfield code="b">txt</subfield><subfield code="2">rdacontent</subfield></datafield><datafield ind1=" " ind2=" " tag="337"><subfield code="a">computer</subfield><subfield code="b">c</subfield><subfield code="2">rdamedia</subfield></datafield><datafield ind1=" " ind2=" " tag="338"><subfield code="a">online resource</subfield><subfield code="b">cr</subfield><subfield code="2">rdacarrier</subfield></datafield><datafield ind1="1" ind2=" " tag="362"><subfield code="a">Began in 1881; ceased June 25, 1970.</subfield></datafield><datafield ind1=" " ind2=" " tag="500"><subfield code="a">Publisher: The Opinion Publishing Co., &lt;December 29, 1922&gt;.</subfield></datafield><datafield ind1=" " ind2=" " tag="580"><subfield code="a">Formed by the union of: Bradford opinion, and: Stanton's Bradford opinion.</subfield></datafield><datafield ind1=" " ind2=" " tag="580"><subfield code="a">Merged with: North country journal (Woodsville, N.H.) to form: North country journal-opinion.</subfield></datafield><datafield ind1=" " ind2=" " tag="588"><subfield code="a">Description based on: New series, vol. I, no. 45 (September 15, 1882); title from masthead (Chroniclingamerica.loc.gov, viewed January 7, 2015).</subfield></datafield><datafield ind1=" " ind2=" " tag="588"><subfield code="a">Latest issue consulted: Vol. XLII, no. 15 (Decemberr 29, 1922) (Chroniclingamerica.loc.gov, viewed January 7, 2015).</subfield></datafield><datafield ind1=" " ind2="0" tag="651"><subfield code="a">Bradford (Vt.)</subfield><subfield code="v">Newspapers.</subfield></datafield><datafield ind1=" " ind2="0" tag="651"><subfield code="a">Orange County (Vt.)</subfield><subfield code="v">Newspapers.</subfield></datafield><datafield ind1=" " ind2="0" tag="651"><subfield code="a">Vermont</subfield><subfield code="v">Newspapers.</subfield></datafield><datafield ind1=" " ind2="7" tag="651"><subfield code="a">Vermont.</subfield><subfield code="2">fast</subfield><subfield code="0">(OCoLC)fst01204305</subfield></datafield><datafield ind1=" " ind2="7" tag="651"><subfield code="a">Vermont</subfield><subfield code="z">Bradford.</subfield><subfield code="2">fast</subfield><subfield code="0">(OCoLC)fst01238062</subfield></datafield><datafield ind1=" " ind2="7" tag="651"><subfield code="a">Vermont</subfield><subfield code="z">Orange County.</subfield><subfield code="2">fast</subfield><subfield code="0">(OCoLC)fst01211985</subfield></datafield><datafield ind1=" " ind2="7" tag="655"><subfield code="a">Newspapers.</subfield><subfield code="2">fast</subfield><subfield code="0">(OCoLC)fst01423814</subfield></datafield><datafield ind1=" " ind2=" " tag="752"><subfield code="a">United States</subfield><subfield code="b">Vermont</subfield><subfield code="c">Orange</subfield><subfield code="d">Bradford.</subfield></datafield><datafield ind1="0" ind2="8" tag="776"><subfield code="i">Originally issued in print:</subfield><subfield code="t">United opinion (Bradford, Vt.)</subfield><subfield code="x">2376-8835</subfield><subfield code="w">(DLC)sn 85038102</subfield><subfield code="w">(OCoLC)11754158</subfield></datafield><datafield ind1="1" ind2="4" tag="780"><subfield code="t">Bradford opinion</subfield><subfield code="x">2376-8207</subfield><subfield code="w">(DLC)  2014218855</subfield><subfield code="w">(OCoLC)899062526</subfield></datafield><datafield ind1="1" ind2="4" tag="780"><subfield code="t">Stanton's Bradford opinion</subfield></datafield><datafield ind1="1" ind2="7" tag="785"><subfield code="t">North country journal (Woodsville, N.H.)</subfield></datafield><datafield ind1="1" ind2="7" tag="785"><subfield code="t">North country journal-opinion</subfield></datafield><datafield ind1="4" ind2="0" tag="856"><subfield code="u">http://chroniclingamerica.loc.gov/lccn/sn85038102/issues/</subfield></datafield></record>